<collection xmlns="http://www.loc.gov/MARC21/slim">
<record>
  <leader>01070nam0a22001811i 450 </leader>
  <controlfield tag="001">IT\ICCU\CNCE\079417</controlfield>
  <controlfield tag="005">20170309000000.0</controlfield>
  <datafield tag="012" ind1=" " ind2=" ">
    <subfield code="a">ter- a,la toni fldo (C) 1546 (Q)</subfield>
    <subfield code="2">fei</subfield>
  </datafield>
  <datafield tag="100" ind1=" " ind2=" ">
    <subfield code="a">20170309f1546        0itac0103    ba</subfield>
  </datafield>
  <datafield tag="101" ind1=" " ind2=" ">
    <subfield code="a">ITA</subfield>
  </datafield>
  <datafield tag="102" ind1=" " ind2=" ">
    <subfield code="a">IT</subfield>
  </datafield>
  <datafield tag="200" ind1="1" ind2=" ">
    <subfield code="a">℗La ℗declaratione de le citta famose d&apos;Italia, &amp; de molte altre piu notabile del mondo con la descriptione della longeza &amp; largheza de Italia, &amp; di soi confini, &amp; li particulari de tutte le sue prouincie, &amp; similmente de la Lombardia, &amp; il principio del regno del \!! Longobardi con il modo, &amp; l&apos;ordine de la eletione de li imperatori. Item la discrittione de L&apos;Africa Asia &amp; Europa con la particularita de li termini, &amp; confini suoi</subfield>
  </datafield>
  <datafield tag="210" ind1=" " ind2=" ">
    <subfield code="d">\1546?!</subfield>
  </datafield>
  <datafield tag="215" ind1=" " ind2=" ">
    <subfield code="a">\24! c.</subfield>
    <subfield code="d">12ʻ</subfield>
  </datafield>
  <datafield tag="300" ind1=" " ind2=" ">
    <subfield code="a">La data si ricava da c. B11v. - Nel coloph.: Ad instantia de Claudio Varico de Lorena, detto il Francese. Di questo editore si i</subfield>
  </datafield>
  <datafield tag="712" ind1="0" ind2="0">
    <subfield code="a">Varico, Claudio</subfield>
    <subfield code="3">IT\ICCU\CNCT\003551</subfield>
    <subfield code="4">650</subfield>
  </datafield>
  <datafield tag="801" ind1=" " ind2="3">
    <subfield code="a">IT</subfield>
    <subfield code="b">ICCU</subfield>
    <subfield code="c">20201115</subfield>
  </datafield>
  <datafield tag="899" ind1=" " ind2=" ">
    <subfield code="a">Biblioteca nazionale centrale. Roma</subfield>
    <subfield code="1">RM0267</subfield>
    <subfield code="2">BVE CR</subfield>
  </datafield>
</record>
</collection>
